<?xml version="1.0" encoding="UTF-8"?><collection xmlns="http://www.loc.gov/MARC21/slim"><record><leader>00454nam--2200133-i-4500</leader><controlfield tag="001">000040436</controlfield><controlfield tag="002">20161230</controlfield><controlfield tag="005">20161230201042</controlfield><controlfield tag="008">060222s1000------------r-----000-0-eng-d</controlfield><datafield ind1=" " ind2=" " tag="080"><subfield code="a">621.384.634.3(043)</subfield></datafield><datafield ind1=" " ind2=" " tag="100"><subfield code="a">Scarlat,Florea</subfield></datafield><datafield ind1=" " ind2=" " tag="245"><subfield code="a">Contributii la perfectionarea acceleratoarelor ciclice de electroni de tip betatron pentru utilizarea lor in radioterapie. teza</subfield></datafield><datafield ind1=" " ind2=" " tag="260"><subfield code="a">Bucuresti, Ifa, 1972. Xxiii+ 176 P. + Xxxxvi Bibl</subfield></datafield><datafield ind1=" " ind2=" " tag="852"><subfield code="a">615.849(043)</subfield></datafield></record></collection>